@inbook{rog-will-2000,
  author = {Rogers, L. and Williams, David},
  year = {2000},
  month = {04},
  pages = {xiv+480},
  title = {Diffusions, Markov Processes and Martingales 2: Ito Calculus},
  volume = {1},
  isbn = {0-521-77593-0},
  doi = {10.1017/CBO9781107590120}
}

@book{van1992stochastic,
  title={Stochastic processes in physics and chemistry},
  author={Van Kampen, Nicolaas Godfried},
  volume={1},
  year={1992},
  publisher={Elsevier}
}

@incollection{risken1996fokker,
  title={Fokker-planck equation},
  author={Risken, Hannes},
  booktitle={The Fokker-Planck Equation},
  pages={63--95},
  year={1996},
  publisher={Springer}
}

@article{decreusefond1999stochastic,
  title={Stochastic analysis of the fractional Brownian motion},
  author={Decreusefond, Laurent and others},
  journal={Potential analysis},
  volume={10},
  number={2},
  pages={177--214},
  year={1999},
  publisher={Springer}
}

@article{gillespie1977exact,
  title={Exact stochastic simulation of coupled chemical reactions},
  author={Gillespie, Daniel T},
  journal={The journal of physical chemistry},
  volume={81},
  number={25},
  pages={2340--2361},
  year={1977},
  publisher={ACS Publications}
}

@article{neyman1958statistical,
  title={Statistical approach to problems of cosmology},
  author={Neyman, Jerzy and Scott, Elizabeth L},
  journal={Journal of the Royal Statistical Society: Series B (Methodological)},
  volume={20},
  number={1},
  pages={1--29},
  year={1958},
  publisher={Wiley Online Library}
}

@article{hawkes1971spectra,
  title={Spectra of some self-exciting and mutually exciting point processes},
  author={Hawkes, Alan G},
  journal={Biometrika},
  volume={58},
  number={1},
  pages={83--90},
  year={1971},
  publisher={Oxford University Press}
}

@article{kramers1940brownian,
  title={Brownian motion in a field of force and the diffusion model of chemical reactions},
  author={Kramers, Hendrik Anthony},
  journal={Physica},
  volume={7},
  number={4},
  pages={284--304},
  year={1940},
  publisher={Elsevier}
}

@article{moyal1949stochastic,
  title={Stochastic processes and statistical physics},
  author={Moyal, JE34975},
  journal={Journal of the Royal Statistical Society. Series B (Methodological)},
  volume={11},
  number={2},
  pages={150--210},
  year={1949},
  publisher={JSTOR}
}

@book{murphy2012machine,
  title={Machine learning: a probabilistic perspective},
  author={Murphy, Kevin P},
  year={2012},
  publisher={MIT press}
}

@article{ye2015equation,
  title={Equation-free mechanistic ecosystem forecasting using empirical dynamic modeling},
  author={Ye, Hao and Beamish, Richard J and Glaser, Sarah M and Grant, Sue CH and Hsieh, Chih-hao and Richards, Laura J and Schnute, Jon T and Sugihara, George},
  journal={Proceedings of the National Academy of Sciences},
  volume={112},
  number={13},
  pages={E1569--E1576},
  year={2015},
  publisher={National Acad Sciences}
}

@misc{envagency2015,
  title = {Electrofishing to assess a river's health},
  howpublished = {\url{https://environmentagency.blog.gov.uk/2015/10/29/electrofishing-to-assess-a-rivers-health/}},
  note = {Accessed: 2023-02-10}
}

@misc{golang,
  title = {The Go Programming Language},
  howpublished = {\url{https://go.dev/}},
  note = {Accessed: 2023-02-10}
}

@misc{pythonlang,
  title = {The Python Programming Language},
  howpublished = {\url{https://www.python.org/}},
  note = {Accessed: 2023-02-10}
}

@misc{diffusingideasbookgithub,
  title = {The Diffusing Ideas GitHub Repository},
  howpublished = {\url{https://github.com/umbralcalc/diffusing-ideas}},
  note = {Accessed: 2023-02-10}
}

@misc{mitlicense,
  title = {Open Source Initiative: MIT License},
  howpublished = {\url{https://opensource.org/licenses/MIT}},
  note = {Accessed: 2023-02-10}
}

@misc{goroutines,
  title = {A Tour of Go: Goroutines},
  howpublished = {\url{https://go.dev/tour/concurrency/1}},
  note = {Accessed: 2023-02-10}
}
